@article {gaussian,
    author = "Saul Stahl",
    title = "The Evolution of the Normal Distribution",
    year = "2006",
    journal = "Mathematics Magazine",
    url = "https://www.maa.org/programs/maa-awards/writing-awards/the-evolution-of-the-normal-distribution"
}

@article {mercator,
    author = "V. Frederick Rickey and Philip M. Tuchinsky",
    title = "An Application of Geography to Mathematics: History of the Integral of the Secant",
    year = "1980",
    journal = "Mathematics Magazine",
    url = "https://www.maa.org/sites/default/files/pdf/cms_upload/0025570x15087.di021115.02p0115x.pdf"
}

@book {Hamming,
    author = "Richard Hamming",
    title = "Numerical Methods for Scientists and Engineers",
    year = "1987",
    publisher = "Dover"
}
